<?xml version="1.0" encoding="UTF-8"?><record xmlns="http://www.loc.gov/MARC21/slim" xmlns:cinclude="http://apache.org/cocoon/include/1.0" xmlns:zs="http://www.loc.gov/zing/srw/">
  <leader>00382nz  a2200133n  4500</leader>
  <controlfield tag="001">no2006017335</controlfield>
  <controlfield tag="003">DLC</controlfield>
  <controlfield tag="005">20060217052324.0</controlfield>
  <controlfield tag="008">060216n| acannaabn          |n aaa     c</controlfield>
  <datafield tag="010" ind1=" " ind2=" ">
    <subfield code="a">no2006017335</subfield>
  </datafield>
  <datafield tag="035" ind1=" " ind2=" ">
    <subfield code="a">(OCoLC)oca06857869</subfield>
  </datafield>
  <datafield tag="040" ind1=" " ind2=" ">
    <subfield code="a">TxHU</subfield>
    <subfield code="b">eng</subfield>
    <subfield code="c">TxHU</subfield>
  </datafield>
  <datafield tag="100" ind1="1" ind2=" ">
    <subfield code="a">Kriete, Hans-Georg</subfield>
  </datafield>
  <datafield tag="670" ind1=" " ind2=" ">
    <subfield code="a">FuĚrstenau, A.B. Liebesruf, c2005:</subfield>
    <subfield code="b">t.p., verso (Hans-Georg Kriete, a Dresden actor)</subfield>
  </datafield>
</record>